@article{thestacksproject,
  author = {},
  title  = {The Stacks Project.},
  url    = {https://stacks.math.columbia.edu/tag/00H9}
}

@book{matsumura1989commutative,
  title     = {Commutative ring theory},
  author    = {Matsumura, Hideyuki},
  number    = {8},
  year      = {1989},
  publisher = {Cambridge university press}
}

@book{arapura2012algebraic,
  title     = {Algebraic geometry over the complex numbers},
  author    = {Arapura, Donu},
  year      = {2012},
  publisher = {Springer}
}

@misc{vakil2023foundations,
  title     = {Foundations of Algebraic Geometry},
  author    = {Vakil, Ravi},
  year      = {2023},
  publisher = {vakil@ math. stanford. edu}
}